<record><leader>00000cas a2200000 a 4500</leader><controlfield tag="001">37593473</controlfield><controlfield tag="008">970909d19091911oruwr ne      0   a0eng c</controlfield><datafield ind1=" " ind2=" " tag="010"><subfield code="a">sn 96088042 </subfield></datafield><datafield ind1=" " ind2=" " tag="040"><subfield code="a">OCN</subfield><subfield code="b">eng</subfield><subfield code="c">OCN</subfield><subfield code="d">OCLCQ</subfield><subfield code="d">DLC</subfield><subfield code="d">ORU</subfield><subfield code="d">OCLCF</subfield></datafield><datafield ind1="0" ind2=" " tag="022"><subfield code="a">2330-7463</subfield><subfield code="2">1</subfield></datafield><datafield ind1="1" ind2=" " tag="029"><subfield code="a">AU@</subfield><subfield code="b">000013495856</subfield></datafield><datafield ind1=" " ind2=" " tag="042"><subfield code="a">pcc</subfield><subfield code="a">nsdp</subfield></datafield><datafield ind1=" " ind2=" " tag="043"><subfield code="a">n-us-or</subfield></datafield><datafield ind1="0" ind2="0" tag="050"><subfield code="a">Newspaper</subfield></datafield><datafield ind1="0" ind2="0" tag="082"><subfield code="a">071</subfield><subfield code="2">23</subfield></datafield><datafield ind1="0" ind2=" " tag="130"><subfield code="a">Wallowa County chieftain (Enterprise, Or.)</subfield></datafield><datafield ind1=" " ind2="0" tag="222"><subfield code="a">Wallowa County chieftain</subfield><subfield code="b">(Enterprise, Or. Print)</subfield></datafield><datafield ind1="1" ind2="0" tag="245"><subfield code="a">Wallowa County chieftain.</subfield></datafield><datafield ind1="1" ind2="3" tag="246"><subfield code="a">Wallowa chieftain</subfield></datafield><datafield ind1=" " ind2=" " tag="260"><subfield code="a">Enterprise, Or. :</subfield><subfield code="b">Enterprise Press,</subfield><subfield code="c">1909-</subfield></datafield><datafield ind1=" " ind2=" " tag="300"><subfield code="a">v.</subfield></datafield><datafield ind1=" " ind2=" " tag="310"><subfield code="a">Weekly</subfield></datafield><datafield ind1="0" ind2=" " tag="362"><subfield code="a">25th year, no. [21] (Jan. 14, 1909)-</subfield></datafield><datafield ind1="1" ind2=" " tag="362"><subfield code="a">Ceased in 1911.</subfield></datafield><datafield ind1=" " ind2=" " tag="530"><subfield code="a">Also issued on microfilm from University of Oregon.</subfield></datafield><datafield ind1=" " ind2=" " tag="530"><subfield code="a">Archived issues are available in digital format as part of the Library of Congress Chronicling America online collection.</subfield></datafield><datafield ind1=" " ind2=" " tag="530"><subfield code="a">Archived issues are available in digital format as part of the Historic Oregon Newspaper online collection.</subfield></datafield><datafield ind1=" " ind2=" " tag="580"><subfield code="a">Merged with: Enterprise news-record, to form: Enterprise record chieftain.</subfield></datafield><datafield ind1=" " ind2="0" tag="651"><subfield code="a">Enterprise (Or.)</subfield><subfield code="v">Newspapers.</subfield></datafield><datafield ind1=" " ind2="0" tag="651"><subfield code="a">Wallowa County (Or.)</subfield><subfield code="v">Newspapers.</subfield></datafield><datafield ind1=" " ind2="7" tag="655"><subfield code="a">Newspapers.</subfield><subfield code="2">fast</subfield><subfield code="0">(OCoLC)fst01423814</subfield></datafield><datafield ind1=" " ind2="7" tag="651"><subfield code="a">Oregon</subfield><subfield code="z">Enterprise.</subfield><subfield code="2">fast</subfield><subfield code="0">(OCoLC)fst01252161</subfield></datafield><datafield ind1=" " ind2="7" tag="651"><subfield code="a">Oregon</subfield><subfield code="z">Wallowa County.</subfield><subfield code="2">fast</subfield><subfield code="0">(OCoLC)fst01227872</subfield></datafield><datafield ind1=" " ind2=" " tag="752"><subfield code="a">United States</subfield><subfield code="b">Oregon</subfield><subfield code="c">Wallowa</subfield><subfield code="d">Enterprise.</subfield></datafield><datafield ind1="0" ind2="8" tag="776"><subfield code="i">Online version:</subfield><subfield code="t">Wallowa County chieftain (Enterprise, Or. : Online)</subfield><subfield code="x">2330-7471</subfield><subfield code="w">(DLC)  2013218948</subfield><subfield code="w">(OCoLC)857144320</subfield></datafield><datafield ind1="0" ind2="0" tag="780"><subfield code="t">Wallowa chieftain</subfield><subfield code="x">2330-7374</subfield><subfield code="w">(DLC)sn 94052752</subfield><subfield code="w">(OCoLC)30643488</subfield></datafield><datafield ind1="1" ind2="7" tag="785"><subfield code="t">Enterprise news-record</subfield><subfield code="x">2330-7544</subfield><subfield code="w">(DLC)sn 96088044</subfield><subfield code="w">(OCoLC)37593491</subfield></datafield><datafield ind1="1" ind2="7" tag="785"><subfield code="t">Enterprise record chieftain</subfield><subfield code="w">(DLC)sn 96088041</subfield><subfield code="w">(OCoLC)37593481</subfield></datafield><datafield ind1="4" ind2="1" tag="856"><subfield code="u">http://chroniclingamerica.loc.gov/lccn/sn96088042/issues</subfield></datafield><datafield ind1="4" ind2="1" tag="856"><subfield code="u">http://oregonnews.uoregon.edu/lccn/sn96088042/</subfield></datafield></record>